<?xml version="1.0" encoding="UTF-8"?><collection xmlns="http://www.loc.gov/MARC21/slim"><record><leader>00343nam--2200121-i-4500</leader><controlfield tag="001">000049563</controlfield><controlfield tag="002">20161230</controlfield><controlfield tag="005">20161230201047</controlfield><controlfield tag="008">060222s1000------------r-----000-0-eng-d</controlfield><datafield ind1=" " ind2=" " tag="080"><subfield code="a">54:541.28</subfield></datafield><datafield ind1=" " ind2=" " tag="245"><subfield code="a">Vol.i-physico-chemical methods in structural inorganic chemistry</subfield></datafield><datafield ind1=" " ind2=" " tag="260"><subfield code="a">/Madras/, Depart.Of Atomic Energy, 1970, Iv+325p</subfield></datafield><datafield ind1=" " ind2=" " tag="852"><subfield code="a">36148</subfield></datafield></record></collection>